@unpublished{Netflix,
 author = {Anthony Pascale},
 title = {Netflix Begins Streaming Star Trek TOS, TNG, Voyager & Enterprise},
 year = {2011},
 month = {July},
 url = {http://trekmovie.com/2011/07/01/netflix-begins-streaming-star-trek-tos-tng-voyager-enterprise/}, 
 note = {},
 annote = {}
}
